<record><leader>00000cas a2200000 a 4500</leader><controlfield tag="001">11681159</controlfield><controlfield tag="008">850211c19019999ksuwr ne      0   a0eng d</controlfield><datafield ind1=" " ind2=" " tag="010"><subfield code="a">sn 85030064 </subfield></datafield><datafield ind1=" " ind2=" " tag="040"><subfield code="a">KSH</subfield><subfield code="b">eng</subfield><subfield code="c">KSH</subfield><subfield code="d">NPT</subfield><subfield code="d">OCL</subfield><subfield code="d">OCLCQ</subfield></datafield><datafield ind1=" " ind2=" " tag="042"><subfield code="a">msc</subfield></datafield><datafield ind1="0" ind2="4" tag="245"><subfield code="a">The Kingman journal.</subfield></datafield><datafield ind1=" " ind2=" " tag="260"><subfield code="a">Kingman, Kan. :</subfield><subfield code="b">Weaver &amp; Long,</subfield><subfield code="c">1901-</subfield></datafield><datafield ind1=" " ind2=" " tag="300"><subfield code="a">v. :</subfield><subfield code="b">ill. ;</subfield><subfield code="c">54-59 cm.</subfield></datafield><datafield ind1=" " ind2=" " tag="310"><subfield code="a">Weekly,</subfield><subfield code="b">Oct. 9, 1953-</subfield></datafield><datafield ind1=" " ind2=" " tag="321"><subfield code="a">Weekly,</subfield><subfield code="b">June 7, 1901-Sept. 16, 1952</subfield></datafield><datafield ind1=" " ind2=" " tag="321"><subfield code="a">Semiweekly,</subfield><subfield code="b">Sept. 23, 1952-Oct. 2, 1953</subfield></datafield><datafield ind1="0" ind2=" " tag="362"><subfield code="a">Vol. 12, no. 2 (June 7, 1901)-</subfield></datafield><datafield ind1=" " ind2=" " tag="500"><subfield code="a">Publisher varies.</subfield></datafield><datafield ind1=" " ind2=" " tag="525"><subfield code="a">Supplements included.</subfield></datafield><datafield ind1=" " ind2=" " tag="752"><subfield code="a">United States</subfield><subfield code="b">Kansas</subfield><subfield code="c">Kingman</subfield><subfield code="d">Kingman.</subfield></datafield><datafield ind1="0" ind2="0" tag="780"><subfield code="t">Kingman weekly journal</subfield><subfield code="w">(DLC)sn 85030063</subfield></datafield><datafield ind1="0" ind2="5" tag="780"><subfield code="t">Argonia journal</subfield><subfield code="g">Aug. 1950</subfield><subfield code="w">(DLC)sn 85032716</subfield></datafield></record>